% This file was created with JabRef 2.8.1.
% Encoding: Cp1252

@INPROCEEDINGS{Ristenpart_hey,
  author = {Thomas Ristenpart and Eran Tromer and Hovav Shacham and Stefan Savage},
  title = {Hey, You, Get off of My Cloud: Exploring Information Leakage in Third-party
	Compute Clouds},
  booktitle = {Proceedings of the 16th ACM Conference on Computer and Communications
	Security},
  year = {2009},
  series = {CCS '09},
  pages = {199--212},
  address = {New York, NY, USA},
  publisher = {ACM},
  acmid = {1653687},
  doi = {10.1145/1653662.1653687},
  isbn = {978-1-60558-894-0},
  keywords = {cloud computing, side channels, virtual machine security},
  location = {Chicago, Illinois, USA},
  numpages = {14},
  owner = {teisenbarth},
  timestamp = {2015.02.19},
  url = {http://doi.acm.org/10.1145/1653662.1653687}
}

@comment{jabref-meta: selector_keywords:}

@comment{jabref-meta: selector_journal:}

@comment{jabref-meta: selector_publisher:}

@comment{jabref-meta: selector_author:}

@comment{jabref-meta: selector_review:}

